@article{Dumont:2014tja,
      author         = "Dumont, B. and Fuks, B. and Kraml, S. and Bein, S. and
                        Chalons, G. and Conte, E. and Kulkarni, S. and Sengupta,
                        D. and Wymant, C.",
      title          = "{Toward a public analysis database for LHC new physics
                        searches using MADANALYSIS 5}",
      journal        = "Eur. Phys. J.",
      volume         = "C75",
      year           = "2015",
      number         = "2",
      pages          = "56",
      doi            = "10.1140/epjc/s10052-014-3242-3",
      eprint         = "1407.3278",
      archivePrefix  = "arXiv",
      primaryClass   = "hep-ph",
      reportNumber   = "CERN-PH-TH-2014-109, LAPTH-048-14, LPSC14143",
      SLACcitation   = "%%CITATION = ARXIV:1407.3278;%%"
}

@article{deFavereau:2013fsa,
      author         = "de Favereau, J. and Delaere, C. and Demin, P. and
                        Giammanco, A. and Lemaître, V. and Mertens, A. and
                        Selvaggi, M.",
      title          = "{DELPHES 3, A modular framework for fast simulation of a
                        generic collider experiment}",
      collaboration  = "DELPHES 3",
      journal        = "JHEP",
      volume         = "02",
      year           = "2014",
      pages          = "057",
      doi            = "10.1007/JHEP02(2014)057",
      eprint         = "1307.6346",
      archivePrefix  = "arXiv",
      primaryClass   = "hep-ex",
      SLACcitation   = "%%CITATION = ARXIV:1307.6346;%%"
}

@article{Skands:2003cj,
      author         = "Skands, Peter Z. and others",
      title          = "{SUSY Les Houches accord: Interfacing SUSY spectrum
                        calculators, decay packages, and event generators}",
      journal        = "JHEP",
      volume         = "07",
      year           = "2004",
      pages          = "036",
      doi            = "10.1088/1126-6708/2004/07/036",
      eprint         = "hep-ph/0311123",
      archivePrefix  = "arXiv",
      primaryClass   = "hep-ph",
      reportNumber   = "LU-TP-03-39, SHEP-03-24, CERN-TH-2003-204, ZU-TH-15-03,
                        LMU-19-03, DCPT-03-108, IPPP-03-54, CTS-IISC-2003-07,
                        DESY-03-166, MPP-2003-111",
      SLACcitation   = "%%CITATION = HEP-PH/0311123;%%"
}

@article{Allanach:2008qq,
      author         = "Allanach, B. C. and others",
      title          = "{SUSY Les Houches Accord 2}",
      journal        = "Comput. Phys. Commun.",
      volume         = "180",
      year           = "2009",
      pages          = "8-25",
      doi            = "10.1016/j.cpc.2008.08.004",
      eprint         = "0801.0045",
      archivePrefix  = "arXiv",
      primaryClass   = "hep-ph",
      reportNumber   = "FERMILAB-PUB-07-036-T, SLAC-PUB-12765,
                        CERN-PH-TH-2007-148, DAMTP-2007-76, EDINBURGH-2007-31,
                        KEK-TH-1170, LAPTH-1204-07, LPT-ORSAY-07-81, SHEP-07-13",
      SLACcitation   = "%%CITATION = ARXIV:0801.0045;%%"
}

@article{Degrande:2011ua,
      author         = "Degrande, Celine and Duhr, Claude and Fuks, Benjamin and
                        Grellscheid, David and Mattelaer, Olivier and Reiter,
                        Thomas",
      title          = "{UFO - The Universal FeynRules Output}",
      journal        = "Comput. Phys. Commun.",
      volume         = "183",
      year           = "2012",
      pages          = "1201-1214",
      doi            = "10.1016/j.cpc.2012.01.022",
      eprint         = "1108.2040",
      archivePrefix  = "arXiv",
      primaryClass   = "hep-ph",
      reportNumber   = "CP3-11-25, IPHC-PHENO-11-04, IPPP-11-39, DCPT-11-78,
                        MPP-2011-68",
      SLACcitation   = "%%CITATION = ARXIV:1108.2040;%%"
}

@article{Conte:2014zja,
      author         = "Conte, Eric and Dumont, Béranger and Fuks, Benjamin and
                        Wymant, Chris",
      title          = "{Designing and recasting LHC analyses with MadAnalysis
                        5}",
      journal        = "Eur. Phys. J.",
      volume         = "C74",
      year           = "2014",
      number         = "10",
      pages          = "3103",
      doi            = "10.1140/epjc/s10052-014-3103-0",
      eprint         = "1405.3982",
      archivePrefix  = "arXiv",
      primaryClass   = "hep-ph",
      reportNumber   = "CERN-PH-TH-2014-088, LPSC-14-079, LAPTH-033-14,
                        MCNET-14-11",
      SLACcitation   = "%%CITATION = ARXIV:1405.3982;%%"
}

@article{Sirunyan:2017onm,
      author         = "Sirunyan, Albert M and others",
      title          = "{Search for dark matter and unparticles in events with a
                        Z boson and missing transverse momentum in proton-proton
                        collisions at $ \sqrt{s}=13 $ TeV}",
      collaboration  = "CMS",
      journal        = "JHEP",
      volume         = "03",
      year           = "2017",
      pages          = "061",
      doi            = "10.1007/JHEP09(2017)106, 10.1007/JHEP03(2017)061",
      note           = "[Erratum: JHEP09,106(2017)]",
      eprint         = "1701.02042",
      archivePrefix  = "arXiv",
      primaryClass   = "hep-ex",
      reportNumber   = "CMS-EXO-16-010, CERN-EP-2016-309,
                        FERMILAB-PUB-17-011-CMS",
      SLACcitation   = "%%CITATION = ARXIV:1701.02042;%%"
}

@article{Abercrombie:2015wmb,
      author         = "Abercrombie, Daniel and others",
      editor         = "Boveia, Antonio and Doglioni, Caterina and Lowette,
                        Steven and Malik, Sarah and Mrenna, Stephen",
      title          = "{Dark Matter Benchmark Models for Early LHC Run-2
                        Searches: Report of the ATLAS/CMS Dark Matter Forum     }",
      year           = "2015",
      eprint         = "1507.00966",
      archivePrefix  = "arXiv",
      primaryClass   = "hep-ex",
      reportNumber   = "FERMILAB-PUB-15-282-CD",
      SLACcitation   = "%%CITATION = ARXIV:1507.00966;%%"
}

@article{Georgi:2007ek,
     author    = "Georgi, Howard",
     title     = "{Unparticle Physics}",
     journal   = "Phys. Rev. Lett.",
     volume    = "98",
     year      = "2007",
     pages     = "221601",
     eprint    = "hep-ph/0703260",
     archivePrefix = "arXiv",
     doi       = "10.1103/PhysRevLett.98.221601",
     SLACcitation  = "%%CITATION = HEP-PH/0703260;%%"
}

@article{Georgi:2007si,
     author    = "Georgi, Howard",
     title     = "{Another Odd Thing About Unparticle Physics}",
     journal   = "Phys. Lett.",
     volume    = "B650",
     year      = "2007",
     pages     = "275-278",
     eprint    = "0704.2457",
     archivePrefix = "arXiv",
     primaryClass  =  "hep-ph",
     doi       = "10.1016/j.physletb.2007.05.037",
     SLACcitation  = "%%CITATION = 0704.2457;%%"
}

@article{Alwall:2014hca,
      author         = "Alwall, J. and Frederix, R. and Frixione, S. and Hirschi,
                        V. and Maltoni, F. and Mattelaer, O. and Shao, H. -S. and
                        Stelzer, T. and Torrielli, P. and Zaro, M.",
      title          = "{The automated computation of tree-level and
                        next-to-leading order differential cross sections, and
                        their matching to parton shower simulations}",
      journal        = "JHEP",
      volume         = "07",
      year           = "2014",
      pages          = "079",
      doi            = "10.1007/JHEP07(2014)079",
      eprint         = "1405.0301",
      archivePrefix  = "arXiv",
      primaryClass   = "hep-ph",
      reportNumber   = "CERN-PH-TH-2014-064, CP3-14-18, LPN14-066, MCNET-14-09,
                        ZU-TH-14-14",
      SLACcitation   = "%%CITATION = ARXIV:1405.0301;%%"
}

@article{Sjostrand:2014zea,
      author         = "Sjöstrand, Torbjörn and Ask, Stefan and Christiansen,
                        Jesper R. and Corke, Richard and Desai, Nishita and Ilten,
                        Philip and Mrenna, Stephen and Prestel, Stefan and
                        Rasmussen, Christine O. and Skands, Peter Z.",
      title          = "{An Introduction to PYTHIA 8.2}",
      journal        = "Comput. Phys. Commun.",
      volume         = "191",
      year           = "2015",
      pages          = "159-177",
      doi            = "10.1016/j.cpc.2015.01.024",
      eprint         = "1410.3012",
      archivePrefix  = "arXiv",
      primaryClass   = "hep-ph",
      reportNumber   = "LU-TP-14-36, MCNET-14-22, CERN-PH-TH-2014-190,
                        FERMILAB-PUB-14-316-CD, DESY-14-178, SLAC-PUB-16122",
      SLACcitation   = "%%CITATION = ARXIV:1410.3012;%%"
}
@article{Ball:2014uwa,
      author         = "Ball, Richard D. and others",
      title          = "{Parton distributions for the LHC Run II}",
      collaboration  = "NNPDF",
      journal        = "JHEP",
      volume         = "04",
      year           = "2015",
      pages          = "040",
      doi            = "10.1007/JHEP04(2015)040",
      eprint         = "1410.8849",
      archivePrefix  = "arXiv",
      primaryClass   = "hep-ph",
      reportNumber   = "EDINBURGH-2014-15, IFUM-1034-FT, CERN-PH-TH-2013-253,
                        OUTP-14-11P, CAVENDISH-HEP-14-11",
      SLACcitation   = "%%CITATION = ARXIV:1410.8849;%%"
}

@article{Skands:2014pea,
      author         = "Skands, Peter and Carrazza, Stefano and Rojo, Juan",
      title          = "{Tuning PYTHIA 8.1: the Monash 2013 Tune}",
      journal        = "Eur. Phys. J.",
      volume         = "C74",
      year           = "2014",
      number         = "8",
      pages          = "3024",
      doi            = "10.1140/epjc/s10052-014-3024-y",
      eprint         = "1404.5630",
      archivePrefix  = "arXiv",
      primaryClass   = "hep-ph",
      reportNumber   = "CERN-PH-TH-2014-069, MCNET-14-08, OUTP-14-05P",
      SLACcitation   = "%%CITATION = ARXIV:1404.5630;%%"
}

@article{Alwall:2014bza,
      author         = "Alwall, Johan and Duhr, Claude and Fuks, Benjamin and
                        Mattelaer, Olivier and Öztürk, Deniz Gizem and Shen,
                        Chia-Hsien",
      title          = "{Computing decay rates for new physics theories with
                        FeynRules  and MadGraph 5 _aMC@NLO}",
      journal        = "Comput. Phys. Commun.",
      volume         = "197",
      year           = "2015",
      pages          = "312-323",
      doi            = "10.1016/j.cpc.2015.08.031",
      eprint         = "1402.1178",
      archivePrefix  = "arXiv",
      primaryClass   = "hep-ph",
      reportNumber   = "CERN-PH-TH-2014-020, MCNET-14-03, IPPP-14-10, DCPT-14-20,
                        CP3-14-11, CALT-68-2877, ZU-TH-02-14",
      SLACcitation   = "%%CITATION = ARXIV:1402.1178;%%"
}

@article{Cacciari:2011ma,
      author         = "Cacciari, Matteo and Salam, Gavin P. and Soyez, Gregory",
      title          = "{FastJet User Manual}",
      journal        = "Eur. Phys. J.",
      volume         = "C72",
      year           = "2012",
      pages          = "1896",
      doi            = "10.1140/epjc/s10052-012-1896-2",
      eprint         = "1111.6097",
      archivePrefix  = "arXiv",
      primaryClass   = "hep-ph",
      reportNumber   = "CERN-PH-TH-2011-297",
      SLACcitation   = "%%CITATION = ARXIV:1111.6097;%%"
}
@article{Cacciari:2008gp,
      author         = "Cacciari, Matteo and Salam, Gavin P. and Soyez, Gregory",
      title          = "{The Anti-k(t) jet clustering algorithm}",
      journal        = "JHEP",
      volume         = "04",
      year           = "2008",
      pages          = "063",
      doi            = "10.1088/1126-6708/2008/04/063",
      eprint         = "0802.1189",
      archivePrefix  = "arXiv",
      primaryClass   = "hep-ph",
      reportNumber   = "LPTHE-07-03",
      SLACcitation   = "%%CITATION = ARXIV:0802.1189;%%"
}

@article{CMS:2016kkf,
      author         = "{CMS Collaboration}",
      title          = "{Identification of b quark jets at the CMS Experiment in
                        the LHC Run 2}",
      year           = "2016",
      journal  = "CMS-PAS-BTV-15-001",
      SLACcitation   = "%%CITATION = CMS-PAS-BTV-15-001;%%",
      url = "http://cds.cern.ch/record/2138504"
}

@article{inspire,
      key            = "1618045",
      author         = "Fuks, Benjamin",
      title          = "{MadAnalysis5 implementation of the mono-Z analysis of
                        CMS with 2.3 fb-1 of data (CMS-EXO-16-010)}",
      doi            = "10.7484/INSPIREHEP.DATA.RK53.S39D",
      year           = "2017",
      SLACcitation   = "%%CITATION = INSPIRE-1618045;%%"
}

@article{Read:2002hq,
      author         = "Read, Alexander L.",
      title          = "{Presentation of search results: The CL(s) technique}",
      booktitle      = "{Advanced Statistical Techniques in Particle Physics.
                        Proceedings, Conference, Durham, UK, March 18-22, 2002}",
      journal        = "J. Phys.",
      volume         = "G28",
      year           = "2002",
      pages          = "2693-2704",
      doi            = "10.1088/0954-3899/28/10/313",
      SLACcitation   = "%%CITATION = JPAGA,G28,2693;%%"
}

@article{Conte:2012fm,
      author         = "Conte, Eric and Fuks, Benjamin and Serret, Guillaume",
      title          = "{MadAnalysis 5, A User-Friendly Framework for Collider
                        Phenomenology}",
      journal        = "Comput. Phys. Commun.",
      volume         = "184",
      year           = "2013",
      pages          = "222-256",
      doi            = "10.1016/j.cpc.2012.09.009",
      eprint         = "1206.1599",
      archivePrefix  = "arXiv",
      primaryClass   = "hep-ph",
      reportNumber   = "IPHC-PHENO-06",
      SLACcitation   = "%%CITATION = ARXIV:1206.1599;%%"
}

@article{Arina:2016cqj,
      author         = "Arina, Chiara and others",
      title          = "{A comprehensive approach to dark matter studies:
                        exploration of simplified top-philic models}",
      journal        = "JHEP",
      volume         = "11",
      year           = "2016",
      pages          = "111",
      doi            = "10.1007/JHEP11(2016)111",
      eprint         = "1605.09242",
      archivePrefix  = "arXiv",
      primaryClass   = "hep-ph",
      SLACcitation   = "%%CITATION = ARXIV:1605.09242;%%"
}

@article{Feng:2005gj,
      author         = "Feng, Jonathan L. and Su, Shufang and Takayama, Fumihiro",
      title          = "{Lower limit on dark matter production at the large
                        hadron collider}",
      journal        = "Phys. Rev. Lett.",
      volume         = "96",
      year           = "2006",
      pages          = "151802",
      doi            = "10.1103/PhysRevLett.96.151802",
      eprint         = "hep-ph/0503117",
      archivePrefix  = "arXiv",
      primaryClass   = "hep-ph",
      reportNumber   = "UCI-TR-2005-11",
      SLACcitation   = "%%CITATION = HEP-PH/0503117;%%"
}

@article{Bai:2010hh,
      author         = "Bai, Yang and Fox, Patrick J. and Harnik, Roni",
      title          = "{The Tevatron at the Frontier of Dark Matter Direct
                        Detection}",
      journal        = "JHEP",
      volume         = "12",
      year           = "2010",
      pages          = "048",
      doi            = "10.1007/JHEP12(2010)048",
      eprint         = "1005.3797",
      archivePrefix  = "arXiv",
      primaryClass   = "hep-ph",
      reportNumber   = "FERMILAB-PUB-10-143-T",
      SLACcitation   = "%%CITATION = ARXIV:1005.3797;%%"
}

@article{Fox:2011fx,
      author         = "Fox, Patrick J. and Harnik, Roni and Kopp, Joachim and
                        Tsai, Yuhsin",
      title          = "{LEP Shines Light on Dark Matter}",
      journal        = "Phys. Rev.",
      volume         = "D84",
      year           = "2011",
      pages          = "014028",
      doi            = "10.1103/PhysRevD.84.014028",
      eprint         = "1103.0240",
      archivePrefix  = "arXiv",
      primaryClass   = "hep-ph",
      reportNumber   = "FERMILAB-PUB-11-039-T",
      SLACcitation   = "%%CITATION = ARXIV:1103.0240;%%"
}

@article{Bell:2012rg,
      author         = "Bell, Nicole F. and Dent, James B. and Galea, Ahmad J.
                        and Jacques, Thomas D. and Krauss, Lawrence M. and Weiler,
                        Thomas J.",
      title          = "{Searching for Dark Matter at the LHC with a Mono-Z}",
      journal        = "Phys. Rev.",
      volume         = "D86",
      year           = "2012",
      pages          = "096011",
      doi            = "10.1103/PhysRevD.86.096011",
      eprint         = "1209.0231",
      archivePrefix  = "arXiv",
      primaryClass   = "hep-ph",
      SLACcitation   = "%%CITATION = ARXIV:1209.0231;%%"
}
@article{Petrov:2013nia,
      author         = "Petrov, Alexey A. and Shepherd, William",
      title          = "{Searching for dark matter at LHC with Mono-Higgs
                        production}",
      journal        = "Phys. Lett.",
      volume         = "B730",
      year           = "2014",
      pages          = "178-183",
      doi            = "10.1016/j.physletb.2014.01.051",
      eprint         = "1311.1511",
      archivePrefix  = "arXiv",
      primaryClass   = "hep-ph",
      reportNumber   = "WSU-HEP-1308",
      SLACcitation   = "%%CITATION = ARXIV:1311.1511;%%"
}

@article{Bai:2012xg,
      author         = "Bai, Yang and Tait, Tim M. P.",
      title          = "{Searches with Mono-Leptons}",
      journal        = "Phys. Lett.",
      volume         = "B723",
      year           = "2013",
      pages          = "384-387",
      doi            = "10.1016/j.physletb.2013.05.057",
      eprint         = "1208.4361",
      archivePrefix  = "arXiv",
      primaryClass   = "hep-ph",
      reportNumber   = "SLAC-PUB-15221, UCI-HEP-TR-2012-11",
      SLACcitation   = "%%CITATION = ARXIV:1208.4361;%%"
}
@article{Birkedal:2004xn,
      author         = "Birkedal, Andreas and Matchev, Konstantin and Perelstein,
                        Maxim",
      title          = "{Dark matter at colliders: A Model independent approach}",
      journal        = "Phys. Rev.",
      volume         = "D70",
      year           = "2004",
      pages          = "077701",
      doi            = "10.1103/PhysRevD.70.077701",
      eprint         = "hep-ph/0403004",
      archivePrefix  = "arXiv",
      primaryClass   = "hep-ph",
      reportNumber   = "UFIFT-HEP-04-3",
      SLACcitation   = "%%CITATION = HEP-PH/0403004;%%"
}


@article{DAmbrosio:2002vsn,
      author         = "D'Ambrosio, G. and Giudice, G. F. and Isidori, G. and
                        Strumia, A.",
      title          = "{Minimal flavor violation: An Effective field theory
                        approach}",
      journal        = "Nucl. Phys.",
      volume         = "B645",
      year           = "2002",
      pages          = "155-187",
      doi            = "10.1016/S0550-3213(02)00836-2",
      eprint         = "hep-ph/0207036",
      archivePrefix  = "arXiv",
      primaryClass   = "hep-ph",
      reportNumber   = "CERN-TH-2002-147, IFUP-TH-2002-17",
      SLACcitation   = "%%CITATION = HEP-PH/0207036;%%"
}
@article{Buras:2000dm,
      author         = "Buras, A. J. and Gambino, P. and Gorbahn, M. and Jager,
                        S. and Silvestrini, L.",
      title          = "{Universal unitarity triangle and physics beyond the
                        standard model}",
      journal        = "Phys. Lett.",
      volume         = "B500",
      year           = "2001",
      pages          = "161-167",
      doi            = "10.1016/S0370-2693(01)00061-2",
      eprint         = "hep-ph/0007085",
      archivePrefix  = "arXiv",
      primaryClass   = "hep-ph",
      reportNumber   = "TUM-HEP-379-00, CERN-TH-2000-190",
      SLACcitation   = "%%CITATION = HEP-PH/0007085;%%"
}

@article{Aaboud:2016tnv,
      author         = "Aaboud, Morad and others",
      title          = "{Search for new phenomena in final states with an
                        energetic jet and large missing transverse momentum in
                        $pp$ collisions at $\sqrt{s}=13$??TeV using the ATLAS
                        detector}",
      collaboration  = "ATLAS",
      journal        = "Phys. Rev.",
      volume         = "D94",
      year           = "2016",
      number         = "3",
      pages          = "032005",
      doi            = "10.1103/PhysRevD.94.032005",
      eprint         = "1604.07773",
      archivePrefix  = "arXiv",
      primaryClass   = "hep-ex",
      reportNumber   = "CERN-EP-2016-075",
      SLACcitation   = "%%CITATION = ARXIV:1604.07773;%%"
}

@article{Aaboud:2016zdn,
      author         = "Aaboud, Morad and others",
      title          = "{Search for squarks and gluinos in final states with jets
                        and missing transverse momentum at $\sqrt{s} =$ 13 TeV
                        with the ATLAS detector}",
      collaboration  = "ATLAS",
      journal        = "Eur. Phys. J.",
      volume         = "C76",
      year           = "2016",
      number         = "7",
      pages          = "392",
      doi            = "10.1140/epjc/s10052-016-4184-8",
      eprint         = "1605.03814",
      archivePrefix  = "arXiv",
      primaryClass   = "hep-ex",
      reportNumber   = "CERN-EP-2016-080",
      SLACcitation   = "%%CITATION = ARXIV:1605.03814;%%"
}

@article{Buchmueller:2015eea,
      author         = "Buchmueller, Oliver and Malik, Sarah A. and McCabe,
                        Christopher and Penning, Bjoern",
      title          = "{Constraining Dark Matter Interactions with Pseudoscalar
                        and Scalar Mediators Using Collider Searches for Multijets
                        plus Missing Transverse Energy}",
      journal        = "Phys. Rev. Lett.",
      volume         = "115",
      year           = "2015",
      number         = "18",
      pages          = "181802",
      doi            = "10.1103/PhysRevLett.115.181802",
      eprint         = "1505.07826",
      archivePrefix  = "arXiv",
      primaryClass   = "hep-ph",
      SLACcitation   = "%%CITATION = ARXIV:1505.07826;%%"
}

@article{Buckley:2014ana,
      author         = "Buckley, Andy and Ferrando, James and Lloyd, Stephen and
                        Nordström, Karl and Page, Ben and Rüfenacht, Martin and
                        Schönherr, Marek and Watt, Graeme",
      title          = "{LHAPDF6: parton density access in the LHC precision
                        era}",
      journal        = "Eur. Phys. J.",
      volume         = "C75",
      year           = "2015",
      pages          = "132",
      doi            = "10.1140/epjc/s10052-015-3318-8",
      eprint         = "1412.7420",
      archivePrefix  = "arXiv",
      primaryClass   = "hep-ph",
      reportNumber   = "GLAS-PPE-2014-05, MCNET-14-29, IPPP-14-111, DCPT-14-222",
      SLACcitation   = "%%CITATION = ARXIV:1412.7420;%%"
}
@inproceedings{Whalley:2005nh,
      author         = "Whalley, M. R. and Bourilkov, D. and Group, R. C.",
      title          = "{The Les Houches accord PDFs (LHAPDF) and LHAGLUE}",
      booktitle      = "{HERA and the LHC: A Workshop on the implications of HERA
                        for LHC physics. Proceedings, Part B}",
      year           = "2005",
      pages          = "575-581",
      eprint         = "hep-ph/0508110",
      archivePrefix  = "arXiv",
      primaryClass   = "hep-ph",
      SLACcitation   = "%%CITATION = HEP-PH/0508110;%%"
}

@article{Mattelaer:2015haa,
      author         = "Mattelaer, Olivier and Vryonidou, Eleni",
      title          = "{Dark matter production through loop-induced processes at
                        the LHC: the s-channel mediator case}",
      journal        = "Eur. Phys. J.",
      volume         = "C75",
      year           = "2015",
      number         = "9",
      pages          = "436",
      doi            = "10.1140/epjc/s10052-015-3665-5",
      eprint         = "1508.00564",
      archivePrefix  = "arXiv",
      primaryClass   = "hep-ph",
      reportNumber   = "IPPP-15-48, DCPT-15-96, CP3-15-23, MCNET-15-20",
      SLACcitation   = "%%CITATION = ARXIV:1508.00564;%%"
}

@article{Dobbs:2001ck,
      author         = "Dobbs, Matt and Hansen, Jorgen Beck",
      title          = "{The HepMC C++ Monte Carlo event record for High Energy
                        Physics}",
      journal        = "Comput. Phys. Commun.",
      volume         = "134",
      year           = "2001",
      pages          = "41-46",
      doi            = "10.1016/S0010-4655(00)00189-2",
      reportNumber   = "ATL-SOFT-2000-001",
      SLACcitation   = "%%CITATION = CPHCB,134,41;%%"
}

@article{Alwall:2006yp,
      author         = "Alwall, Johan and others",
      title          = "{A Standard format for Les Houches event files}",
      booktitle      = "{Monte Carlos for the LHC: A Workshop on the Tools for
                        LHC Event Simulation (MC4LHC) Geneva, Switzerland, July
                        17-16, 2006}",
      journal        = "Comput. Phys. Commun.",
      volume         = "176",
      year           = "2007",
      pages          = "300-304",
      doi            = "10.1016/j.cpc.2006.11.010",
      eprint         = "hep-ph/0609017",
      archivePrefix  = "arXiv",
      primaryClass   = "hep-ph",
      reportNumber   = "FERMILAB-PUB-06-337-T, CERN-LCGAPP-2006-03",
      SLACcitation   = "%%CITATION = HEP-PH/0609017;%%"
}
@inproceedings{Boos:2001cv,
      author         = "Boos, E. and others",
      title          = "{Generic user process interface for event generators}",
      booktitle      = "{Physics at TeV colliders. Proceedings, Euro Summer
                        School, Les Houches, France, May 21-June 1, 2001}",
      url            = "http://lss.fnal.gov/archive/preprint/fermilab-conf-01-496-t.shtml",
      year           = "2001",
      eprint         = "hep-ph/0109068",
      archivePrefix  = "arXiv",
      primaryClass   = "hep-ph",
      reportNumber   = "FERMILAB-CONF-01-496-T",
      SLACcitation   = "%%CITATION = HEP-PH/0109068;%%"
}

@article{stdhep,
   journal = "{https://cdcvs.fnal.gov/redmine/projects/heppdt/wiki/Notes\_about\_StdHep}"
}

@article{lhco,
     journal = {http://www.jthaler.net/olympicswiki/}}


@article{Catani:1993hr,
      author         = "Catani, S. and Dokshitzer, Yuri L. and Seymour, M. H. and
                        Webber, B. R.",
      title          = "{Longitudinally invariant $K_t$ clustering algorithms for
                        hadron hadron collisions}",
      journal        = "Nucl. Phys.",
      volume         = "B406",
      year           = "1993",
      pages          = "187-224",
      doi            = "10.1016/0550-3213(93)90166-M",
      reportNumber   = "CERN-TH-6775-93, LU-TP-93-2",
      SLACcitation   = "%%CITATION = NUPHA,B406,187;%%"
}

@article{Ellis:1993tq,
      author         = "Ellis, Stephen D. and Soper, Davison E.",
      title          = "{Successive combination jet algorithm for hadron
                        collisions}",
      journal        = "Phys. Rev.",
      volume         = "D48",
      year           = "1993",
      pages          = "3160-3166",
      doi            = "10.1103/PhysRevD.48.3160",
      eprint         = "hep-ph/9305266",
      archivePrefix  = "arXiv",
      primaryClass   = "hep-ph",
      reportNumber   = "CERN-TH-6860-93",
      SLACcitation   = "%%CITATION = HEP-PH/9305266;%%"
}

@article{Dokshitzer:1997in,
      author         = "Dokshitzer, Yuri L. and Leder, G. D. and Moretti, S. and
                        Webber, B. R.",
      title          = "{Better jet clustering algorithms}",
      journal        = "JHEP",
      volume         = "08",
      year           = "1997",
      pages          = "001",
      doi            = "10.1088/1126-6708/1997/08/001",
      eprint         = "hep-ph/9707323",
      archivePrefix  = "arXiv",
      primaryClass   = "hep-ph",
      reportNumber   = "CAVENDISH-HEP-97-06",
      SLACcitation   = "%%CITATION = HEP-PH/9707323;%%"
}

@inproceedings{Wobisch:1998wt,
      author         = "Wobisch, M. and Wengler, T.",
      title          = "{Hadronization corrections to jet cross-sections in deep
                        inelastic scattering}",
      booktitle      = "{Monte Carlo generators for HERA physics. Proceedings,
                        Workshop, Hamburg, Germany, 1998-1999}",
      url            = "http://inspirehep.net/record/484872/files/arXiv:hep-ph_9907280.pdf",
      year           = "1998",
      pages          = "270-279",
      eprint         = "hep-ph/9907280",
      archivePrefix  = "arXiv",
      primaryClass   = "hep-ph",
      reportNumber   = "PITHA-99-16",
      SLACcitation   = "%%CITATION = HEP-PH/9907280;%%"
}

@article{Abe:1991ui,
      author         = "Abe, F. and others",
      title          = "{The Topology of three jet events in $\bar{p}p$
                        collisions at $\sqrt{s} = 1.8$ TeV}",
      collaboration  = "CDF",
      journal        = "Phys. Rev.",
      volume         = "D45",
      year           = "1992",
      pages          = "1448-1458",
      doi            = "10.1103/PhysRevD.45.1448",
      reportNumber   = "FERMILAB-PUB-91-181-E",
      SLACcitation   = "%%CITATION = PHRVA,D45,1448;%%"
}

@inproceedings{Blazey:2000qt,
      author         = "Blazey, Gerald C. and others",
      title          = "{Run II jet physics}",
      booktitle      = "{QCD and weak boson physics in Run II. Proceedings,
                        Batavia, USA, March 4-6, June 3-4, November 4-6, 1999}",
      url            = "http://lss.fnal.gov/cgi-bin/find_paper.pl?conf-00-092",
      year           = "2000",
      pages          = "47-77",
      eprint         = "hep-ex/0005012",
      archivePrefix  = "arXiv",
      primaryClass   = "hep-ex",
      reportNumber   = "FERMILAB-CONF-00-092-E",
      SLACcitation   = "%%CITATION = HEP-EX/0005012;%%"
}

@article{Salam:2007xv,
      author         = "Salam, Gavin P. and Soyez, Gregory",
      title          = "{A Practical Seedless Infrared-Safe Cone jet algorithm}",
      journal        = "JHEP",
      volume         = "05",
      year           = "2007",
      pages          = "086",
      doi            = "10.1088/1126-6708/2007/05/086",
      eprint         = "0704.0292",
      archivePrefix  = "arXiv",
      primaryClass   = "hep-ph",
      SLACcitation   = "%%CITATION = ARXIV:0704.0292;%%"
}

@article{Patrignani:2016xqp,
      author         = "Patrignani, C. and others",
      title          = "{Review of Particle Physics}",
      collaboration  = "Particle Data Group",
      journal        = "Chin. Phys.",
      volume         = "C40",
      year           = "2016",
      number         = "10",
      pages          = "100001",
      doi            = "10.1088/1674-1137/40/10/100001",
      SLACcitation   = "%%CITATION = CHPHD,C40,100001;%%"
}


@article{pgs,
 journal = "{http://physics.ucdavis.edu/$\sim$conway/research/software/pgs/pgs4-general.htm}"
}

@article{Boucheneb:2014wza,
      author         = "Boucheneb, Idir and Cacciapaglia, Giacomo and Deandrea,
                        Aldo and Fuks, Benjamin",
      title          = "{Revisiting monotop production at the LHC}",
      journal        = "JHEP",
      volume         = "01",
      year           = "2015",
      pages          = "017",
      doi            = "10.1007/JHEP01(2015)017",
      eprint         = "1407.7529",
      archivePrefix  = "arXiv",
      primaryClass   = "hep-ph",
      reportNumber   = "CERN-PH-TH-2014-140, LYCEN-2014-11",
      SLACcitation   = "%%CITATION = ARXIV:1407.7529;%%"
}

@article{Agram:2013wda,
      author         = "Agram, Jean-Laurent and Andrea, Jeremy and Buttignol,
                        Michael and Conte, Eric and Fuks, Benjamin",
      title          = "{Monotop phenomenology at the Large Hadron Collider}",
      journal        = "Phys. Rev.",
      volume         = "D89",
      year           = "2014",
      number         = "1",
      pages          = "014028",
      doi            = "10.1103/PhysRevD.89.014028",
      eprint         = "1311.6478",
      archivePrefix  = "arXiv",
      primaryClass   = "hep-ph",
      reportNumber   = "CERN-PH-TH-2013-277",
      SLACcitation   = "%%CITATION = ARXIV:1311.6478;%%"
}

@article{Andrea:2011ws,
      author         = "Andrea, J. and Fuks, B. and Maltoni, F.",
      title          = "{Monotops at the LHC}",
      journal        = "Phys. Rev.",
      volume         = "D84",
      year           = "2011",
      pages          = "074025",
      doi            = "10.1103/PhysRevD.84.074025",
      eprint         = "1106.6199",
      archivePrefix  = "arXiv",
      primaryClass   = "hep-ph",
      reportNumber   = "CP3-11-21, IPHC-PHENO-11-03",
      SLACcitation   = "%%CITATION = ARXIV:1106.6199;%%"
}

@article{Davoudiasl:2011fj,
      author         = "Davoudiasl, Hooman and Morrissey, David E. and Sigurdson,
                        Kris and Tulin, Sean",
      title          = "{Baryon Destruction by Asymmetric Dark Matter}",
      journal        = "Phys. Rev.",
      volume         = "D84",
      year           = "2011",
      pages          = "096008",
      doi            = "10.1103/PhysRevD.84.096008",
      eprint         = "1106.4320",
      archivePrefix  = "arXiv",
      primaryClass   = "hep-ph",
      SLACcitation   = "%%CITATION = ARXIV:1106.4320;%%"
}

@article{Kamenik:2011nb,
      author         = "Kamenik, Jernej F. and Zupan, Jure",
      title          = "{Discovering Dark Matter Through Flavor Violation at the
                        LHC}",
      journal        = "Phys. Rev.",
      volume         = "D84",
      year           = "2011",
      pages          = "111502",
      doi            = "10.1103/PhysRevD.84.111502",
      eprint         = "1107.0623",
      archivePrefix  = "arXiv",
      primaryClass   = "hep-ph",
      SLACcitation   = "%%CITATION = ARXIV:1107.0623;%%"
}

@article{Alvarez:2013jqa,
      author         = "Alvarez, Ezequiel and Coluccio Leskow, Estefania and
                        Drobnak, Jure and Kamenik, Jernej F.",
      title          = "{Leptonic Monotops at LHC}",
      journal        = "Phys. Rev.",
      volume         = "D89",
      year           = "2014",
      number         = "1",
      pages          = "014016",
      doi            = "10.1103/PhysRevD.89.014016",
      eprint         = "1310.7600",
      archivePrefix  = "arXiv",
      primaryClass   = "hep-ph",
      SLACcitation   = "%%CITATION = ARXIV:1310.7600;%%"
}

@article{Aad:2014wza,
      author         = "Aad, Georges and others",
      title          = "{Search for invisible particles produced in association
                        with single-top-quarks in proton-proton collisions at
                        $\sqrt{s}$ = 8 TeV with the ATLAS detector}",
      collaboration  = "ATLAS",
      journal        = "Eur. Phys. J.",
      volume         = "C75",
      year           = "2015",
      number         = "2",
      pages          = "79",
      doi            = "10.1140/epjc/s10052-014-3233-4",
      eprint         = "1410.5404",
      archivePrefix  = "arXiv",
      primaryClass   = "hep-ex",
      reportNumber   = "CERN-PH-EP-2014-231",
      SLACcitation   = "%%CITATION = ARXIV:1410.5404;%%"
}

@article{CMS:2017gin,
      author         = "{CMS Collaboration}",
      title          = "{Search for dark matter in final states with a top quark
                        and missing transverse momentum using new hadronic top
                        quark tagging techniques}",
      year           = "2017",
      journal        = "CMS-PAS-EXO-16-051",
      SLACcitation   = "%%CITATION = CMS-PAS-EXO-16-051;%%"
}

@article{Khachatryan:2014uma,
      author         = "Khachatryan, Vardan and others",
      title          = "{Search for Monotop Signatures in Proton-Proton
                        Collisions at $\sqrt s =$ 8 TeV}",
      collaboration  = "CMS",
      journal        = "Phys. Rev. Lett.",
      volume         = "114",
      year           = "2015",
      number         = "10",
      pages          = "101801",
      doi            = "10.1103/PhysRevLett.114.101801",
      eprint         = "1410.1149",
      archivePrefix  = "arXiv",
      primaryClass   = "hep-ex",
      reportNumber   = "CMS-B2G-12-022, CERN-PH-EP-2014-225",
      SLACcitation   = "%%CITATION = ARXIV:1410.1149;%%"
}

@article{Artoisenet:2012st,
      author         = "Artoisenet, Pierre and Frederix, Rikkert and Mattelaer,
                        Olivier and Rietkerk, Robbert",
      title          = "{Automatic spin-entangled decays of heavy resonances in
                        Monte Carlo simulations}",
      journal        = "JHEP",
      volume         = "03",
      year           = "2013",
      pages          = "015",
      doi            = "10.1007/JHEP03(2013)015",
      eprint         = "1212.3460",
      archivePrefix  = "arXiv",
      primaryClass   = "hep-ph",
      reportNumber   = "NIKHEF-2012-021, CERN-PH-TH-2012-329",
      SLACcitation   = "%%CITATION = ARXIV:1212.3460;%%"
}

@article{Chatrchyan:2012jua,
      author         = "Chatrchyan, Serguei and others",
      title          = "{Identification of b-quark jets with the CMS experiment}",
      collaboration  = "CMS",
      journal        = "JINST",
      volume         = "8",
      year           = "2013",
      pages          = "P04013",
      doi            = "10.1088/1748-0221/8/04/P04013",
      eprint         = "1211.4462",
      archivePrefix  = "arXiv",
      primaryClass   = "hep-ex",
      reportNumber   = "CMS-BTV-12-001, CERN-PH-EP-2012-262",
      SLACcitation   = "%%CITATION = ARXIV:1211.4462;%%"
}

@article{Kraml:2013mwa,
      author         = "Kraml, Sabine and Kulkarni, Suchita and Laa, Ursula and
                        Lessa, Andre and Magerl, Wolfgang and
                        Proschofsky-Spindler, Doris and Waltenberger, Wolfgang",
      title          = "{SModelS: a tool for interpreting simplified-model
                        results from the LHC and its application to
                        supersymmetry}",
      journal        = "Eur. Phys. J.",
      volume         = "C74",
      year           = "2014",
      pages          = "2868",
      doi            = "10.1140/epjc/s10052-014-2868-5",
      eprint         = "1312.4175",
      archivePrefix  = "arXiv",
      primaryClass   = "hep-ph",
      SLACcitation   = "%%CITATION = ARXIV:1312.4175;%%"
}

@article{Papucci:2014rja,
      author         = "Papucci, Michele and Sakurai, Kazuki and Weiler, Andreas
                        and Zeune, Lisa",
      title          = "{Fastlim: a fast LHC limit calculator}",
      journal        = "Eur. Phys. J.",
      volume         = "C74",
      year           = "2014",
      number         = "11",
      pages          = "3163",
      doi            = "10.1140/epjc/s10052-014-3163-1",
      eprint         = "1402.0492",
      archivePrefix  = "arXiv",
      primaryClass   = "hep-ph",
      reportNumber   = "CERN-PH-TH-2014-019, DESY-14-010, KCL-PH-TH-2014-04,
                        MCTP-14-03",
      SLACcitation   = "%%CITATION = ARXIV:1402.0492;%%"
}

@article{Drees:2013wra,
      author         = "Drees, Manuel and Dreiner, Herbi and Schmeier, Daniel and
                        Tattersall, Jamie and Kim, Jong Soo",
      title          = "{CheckMATE: Confronting your Favourite New Physics Model
                        with LHC Data}",
      journal        = "Comput. Phys. Commun.",
      volume         = "187",
      year           = "2015",
      pages          = "227-265",
      doi            = "10.1016/j.cpc.2014.10.018",
      eprint         = "1312.2591",
      archivePrefix  = "arXiv",
      primaryClass   = "hep-ph",
      reportNumber   = "ADP-13-29-T849, IFT-UAM-CSIC-13-133,
                        ADP-13-29-T849-IFT-UAM-CSIC-13-133",
      SLACcitation   = "%%CITATION = ARXIV:1312.2591;%%"
}

@article{Buckley:2010ar,
      author         = "Buckley, Andy and Butterworth, Jonathan and Lonnblad,
                        Leif and Grellscheid, David and Hoeth, Hendrik and Monk,
                        James and Schulz, Holger and Siegert, Frank",
      title          = "{Rivet user manual}",
      journal        = "Comput. Phys. Commun.",
      volume         = "184",
      year           = "2013",
      pages          = "2803-2819",
      doi            = "10.1016/j.cpc.2013.05.021",
      eprint         = "1003.0694",
      archivePrefix  = "arXiv",
      primaryClass   = "hep-ph",
      reportNumber   = "MCNET-10-03",
      SLACcitation   = "%%CITATION = ARXIV:1003.0694;%%"
}

@article{Balazs:2017moi,
      author         = "Balázs, Csaba and others",
      title          = "{ColliderBit: a GAMBIT module for the calculation of
                        high-energy collider observables and likelihoods}",
      collaboration  = "GAMBIT",
      journal        = "Eur. Phys. J.",
      volume         = "C77",
      year           = "2017",
      number         = "11",
      pages          = "795",
      doi            = "10.1140/epjc/s10052-017-5285-8",
      eprint         = "1705.07919",
      archivePrefix  = "arXiv",
      primaryClass   = "hep-ph",
      SLACcitation   = "%%CITATION = ARXIV:1705.07919;%%"
}

@article{Andersen:2014efa,
      author         = "Andersen, J. R. and others",
      title          = "{Les Houches 2013: Physics at TeV Colliders: Standard
                        Model Working Group Report}",
      year           = "2014",
      eprint         = "1405.1067",
      archivePrefix  = "arXiv",
      primaryClass   = "hep-ph",
      SLACcitation   = "%%CITATION = ARXIV:1405.1067;%%"
}

@article{Cheng:2008hk,
      author         = "Cheng, Hsin-Chia and Han, Zhenyu",
      title          = "{Minimal Kinematic Constraints and m(T2)}",
      journal        = "JHEP",
      volume         = "12",
      year           = "2008",
      pages          = "063",
      doi            = "10.1088/1126-6708/2008/12/063",
      eprint         = "0810.5178",
      archivePrefix  = "arXiv",
      primaryClass   = "hep-ph",
      SLACcitation   = "%%CITATION = ARXIV:0810.5178;%%"
}
@article{Lester:1999tx,
      author         = "Lester, C. G. and Summers, D. J.",
      title          = "{Measuring masses of semiinvisibly decaying particles
                        pair produced at hadron colliders}",
      journal        = "Phys. Lett.",
      volume         = "B463",
      year           = "1999",
      pages          = "99-103",
      doi            = "10.1016/S0370-2693(99)00945-4",
      eprint         = "hep-ph/9906349",
      archivePrefix  = "arXiv",
      primaryClass   = "hep-ph",
      reportNumber   = "CAVENDISH-HEP-99-07",
      SLACcitation   = "%%CITATION = HEP-PH/9906349;%%"
}

@article{Bai:2012gs,
      author         = "Bai, Yang and Cheng, Hsin-Chia and Gallicchio, Jason and
                        Gu, Jiayin",
      title          = "{Stop the Top Background of the Stop Search}",
      journal        = "JHEP",
      volume         = "07",
      year           = "2012",
      pages          = "110",
      doi            = "10.1007/JHEP07(2012)110",
      eprint         = "1203.4813",
      archivePrefix  = "arXiv",
      primaryClass   = "hep-ph",
      reportNumber   = "SLAC-PUB-14897",
      SLACcitation   = "%%CITATION = ARXIV:1203.4813;%%"
}

@article{Randall:2008rw,
      author         = "Randall, Lisa and Tucker-Smith, David",
      title          = "{Dijet Searches for Supersymmetry at the LHC}",
      journal        = "Phys. Rev. Lett.",
      volume         = "101",
      year           = "2008",
      pages          = "221803",
      doi            = "10.1103/PhysRevLett.101.221803",
      eprint         = "0806.1049",
      archivePrefix  = "arXiv",
      primaryClass   = "hep-ph",
      SLACcitation   = "%%CITATION = ARXIV:0806.1049;%%"
}

@article{Brun:1997pa,
      author         = "Brun, R. and Rademakers, F.",
      title          = "{ROOT: An object oriented data analysis framework}",
      booktitle      = "{New computing techniques in physics research V.
                        Proceedings, 5th International Workshop, AIHENP '96,
                        Lausanne, Switzerland, September 2-6, 1996}",
      journal        = "Nucl. Instrum. Meth.",
      volume         = "A389",
      year           = "1997",
      pages          = "81-86",
      doi            = "10.1016/S0168-9002(97)00048-X",
      SLACcitation   = "%%CITATION = NUIMA,A389,81;%%"
}

@article{Ambrogi:2017neo,
      author         = "Ambrogi, Federico and Kraml, Sabine and Kulkarni, Suchita
                        and Laa, Ursula and Lessa, Andre and Magerl, Veronika and
                        Sonneveld, Jory and Traub, Michael and Waltenberger,
                        Wolfgang",
      title          = "{SModelS v1.1 user manual: Improving simplified model
                        constraints with efficiency maps}",
      journal        = "Comput. Phys. Commun.",
      volume         = "227",
      year           = "2018",
      pages          = "72-98",
      doi            = "10.1016/j.cpc.2018.02.007",
      eprint         = "1701.06586",
      archivePrefix  = "arXiv",
      primaryClass   = "hep-ph",
      reportNumber   = "LPSC17001, HEPHY-PUB-981-17",
      SLACcitation   = "%%CITATION = ARXIV:1701.06586;%%"
}

@inproceedings{Fuks:2018yku,
      author         = "Fuks, Benjamin and others",
      title          = "{Proceedings of the first MadAnalysis 5 workshop on LHC
                        recasting in Korea}",
      pages = "35-39",
      year           = "2018",
      eprint         = "1806.02537",
      archivePrefix  = "arXiv",
      primaryClass   = "hep-ph",
      SLACcitation   = "%%CITATION = ARXIV:1806.02537;%%"
}
